@article{someArticle,
	Author = {Gerth St√∏lting Brodal and Rolf Fagerberg and Riko Jacob},
	Title = {Cache-Oblivious Search Trees via Binary Trees of Small Height},
	Journal = {In Proc. 13th Annual ACM-SIAM Symposium on Discrete Algorithms (SODA)},
	Year = {2002},
	Pages = {39-48}}